[gd_scene load_steps=8 format=2]

[ext_resource path="res://obejcts/MotherShip.tscn" type="PackedScene" id=1]
[ext_resource path="res://obejcts/HUD.tscn" type="PackedScene" id=2]
[ext_resource path="res://Scripts/DebrisGeneratorScript.gd" type="Script" id=3]
[ext_resource path="res://Scripts/LevelControllerScript.gd" type="Script" id=4]
[ext_resource path="res://obejcts/Tutorial/Tutorial.tscn" type="PackedScene" id=5]

[sub_resource type="RectangleShape2D" id=1]
extents = Vector2( 439.5, 10 )

[sub_resource type="RectangleShape2D" id=2]
extents = Vector2( 562, 349 )

[node name="Node2D" type="Node2D"]

[node name="Camera2D" type="Camera2D" parent="."]
position = Vector2( 513, 302 )
z_index = 3

[node name="LevelController" type="Node" parent="Camera2D"]
pause_mode = 2
script = ExtResource( 4 )
LevelNumber = 1
HUDPath = NodePath("../HUD")
TutorialGUIPath = NodePath("../TutorialGUI")
TasksForThisLevel = [ 0 ]
DebrisForTask = [ [ 0, 1, 2 ] ]
StarCondition1 = 20
StarCondition2 = 35
StarCondition3 = 40
m_TutorialSteps = [ 0, 1, 2, 3, 4 ]

[node name="HUD" parent="Camera2D" instance=ExtResource( 2 )]
pause_mode = 2
margin_left = -512.0
margin_top = -300.0
margin_right = 512.0
margin_bottom = 303.0

[node name="TutorialGUI" parent="Camera2D" instance=ExtResource( 5 )]
pause_mode = 2
visible = false
m_MotherShip = NodePath("../../MotherShip")
m_DebrisGenerator = NodePath("../../Debris")
m_LevelController = NodePath("../LevelController")

[node name="Debris" type="Node" parent="."]
script = ExtResource( 3 )
DebrisForLevel = [ 0, 1, 2 ]

[node name="Start" type="Area2D" parent="Debris"]

[node name="CollisionShape2D" type="CollisionShape2D" parent="Debris/Start"]
position = Vector2( 396, 0 )
shape = SubResource( 1 )

[node name="GameArea" type="Area2D" parent="Debris"]

[node name="CollisionShape2D" type="CollisionShape2D" parent="Debris/GameArea"]
position = Vector2( 495, 299 )
shape = SubResource( 2 )

[node name="Timer" type="Timer" parent="Debris"]
autostart = true

[node name="MotherShip" parent="." instance=ExtResource( 1 )]
position = Vector2( 763, 323 )

[connection signal="sig_FuelDepleted" from="Camera2D/HUD" to="Camera2D/LevelController" method="_on_HUD_sig_FuelDepleted"]
[connection signal="sig_MaterialDepleted" from="Camera2D/HUD" to="Camera2D/LevelController" method="_on_HUD_sig_MaterialDepleted"]
[connection signal="sig_ResumeGame" from="Camera2D/HUD" to="Camera2D/LevelController" method="_on_HUD_sig_ResumeGame"]
[connection signal="body_exited" from="Debris/GameArea" to="Debris" method="_on_GameArea_body_exited"]
[connection signal="body_exited" from="Debris/GameArea" to="MotherShip" method="_on_GameArea_body_exited"]
[connection signal="timeout" from="Debris/Timer" to="Debris" method="_on_Timer_timeout"]
[connection signal="MotherShipConsumeDebris" from="MotherShip" to="Camera2D/LevelController" method="_on_MotherShip_MotherShipConsumeDebris"]
[connection signal="MotherShipConsumeFuel" from="MotherShip" to="Camera2D/LevelController" method="_on_MotherShip_MotherShipConsumeFuel"]
[connection signal="MotherShipConsumeMaterial" from="MotherShip" to="Camera2D/LevelController" method="_on_MotherShip_MotherShipConsumeMaterial"]
[connection signal="MotherShipDockDrone" from="MotherShip" to="Camera2D/LevelController" method="_on_MotherShip_MotherShipDockDrone"]
[connection signal="MotherShipSpawnDrone" from="MotherShip" to="Camera2D/LevelController" method="_on_MotherShip_MotherShipSpawnDrone"]
[connection signal="RegisterMotherShip" from="MotherShip" to="Camera2D/LevelController" method="_on_MotherShip_RegisterMotherShip"]
