[gd_scene load_steps=15 format=2]

[ext_resource path="res://sprites/controller.png" type="Texture" id=1]
[ext_resource path="res://sprites/whiteCircle.png" type="Texture" id=2]
[ext_resource path="res://Scripts/Tutorial/TutorialScript.gd" type="Script" id=3]
[ext_resource path="res://sprites/TargetingCircle.png" type="Texture" id=4]

[sub_resource type="Animation" id=8]
resource_name = "JoystickClick"
length = 2.0
loop = true
tracks/0/type = "value"
tracks/0/path = NodePath("../Joystick:modulate")
tracks/0/interp = 1
tracks/0/loop_wrap = true
tracks/0/imported = false
tracks/0/enabled = true
tracks/0/keys = {
"times": PoolRealArray( 0, 1, 2 ),
"transitions": PoolRealArray( 1, 1, 1 ),
"update": 0,
"values": [ Color( 1, 1, 1, 1 ), Color( 1, 0, 0, 1 ), Color( 1, 1, 1, 1 ) ]
}

[sub_resource type="Animation" id=3]
resource_name = "bottomButtonClick"
length = 2.0
loop = true
tracks/0/type = "value"
tracks/0/path = NodePath("../bottomButton:modulate")
tracks/0/interp = 1
tracks/0/loop_wrap = true
tracks/0/imported = false
tracks/0/enabled = true
tracks/0/keys = {
"times": PoolRealArray( 0, 1, 2 ),
"transitions": PoolRealArray( 1, 1, 1 ),
"update": 0,
"values": [ Color( 1, 1, 1, 1 ), Color( 1, 0, 0, 1 ), Color( 1, 1, 1, 1 ) ]
}

[sub_resource type="Animation" id=6]
resource_name = "leftBumperClick"
length = 2.0
loop = true
tracks/0/type = "value"
tracks/0/path = NodePath("../leftTrigger:modulate")
tracks/0/interp = 1
tracks/0/loop_wrap = true
tracks/0/imported = false
tracks/0/enabled = true
tracks/0/keys = {
"times": PoolRealArray( 0, 1, 2 ),
"transitions": PoolRealArray( 1, 1, 1 ),
"update": 0,
"values": [ Color( 1, 1, 1, 1 ), Color( 1, 0, 0, 1 ), Color( 1, 1, 1, 1 ) ]
}

[sub_resource type="Animation" id=2]
resource_name = "leftButtonClick"
length = 2.0
loop = true
tracks/0/type = "value"
tracks/0/path = NodePath("../leftButton:modulate")
tracks/0/interp = 1
tracks/0/loop_wrap = true
tracks/0/imported = false
tracks/0/enabled = true
tracks/0/keys = {
"times": PoolRealArray( 0, 1, 2 ),
"transitions": PoolRealArray( 1, 1, 1 ),
"update": 0,
"values": [ Color( 1, 1, 1, 1 ), Color( 1, 0, 0, 1 ), Color( 1, 1, 1, 1 ) ]
}

[sub_resource type="Animation" id=7]
resource_name = "rightBumperClick"
length = 2.0
loop = true
tracks/0/type = "value"
tracks/0/path = NodePath("../rightTrigger:modulate")
tracks/0/interp = 1
tracks/0/loop_wrap = true
tracks/0/imported = false
tracks/0/enabled = true
tracks/0/keys = {
"times": PoolRealArray( 0, 1, 2 ),
"transitions": PoolRealArray( 1, 1, 1 ),
"update": 0,
"values": [ Color( 1, 1, 1, 1 ), Color( 1, 0, 0, 1 ), Color( 1, 1, 1, 1 ) ]
}

[sub_resource type="Animation" id=4]
resource_name = "rightButtonClick"
length = 2.0
loop = true
tracks/0/type = "value"
tracks/0/path = NodePath("../rightButton:modulate")
tracks/0/interp = 1
tracks/0/loop_wrap = true
tracks/0/imported = false
tracks/0/enabled = true
tracks/0/keys = {
"times": PoolRealArray( 0, 1, 2 ),
"transitions": PoolRealArray( 1, 1, 1 ),
"update": 0,
"values": [ Color( 1, 1, 1, 1 ), Color( 1, 0, 0, 1 ), Color( 1, 1, 1, 1 ) ]
}

[sub_resource type="Animation" id=5]
resource_name = "startButtonClick"
length = 2.0
loop = true
tracks/0/type = "value"
tracks/0/path = NodePath(".:modulate")
tracks/0/interp = 1
tracks/0/loop_wrap = true
tracks/0/imported = false
tracks/0/enabled = true
tracks/0/keys = {
"times": PoolRealArray( 0, 1, 1.9 ),
"transitions": PoolRealArray( 1, 1, 1 ),
"update": 0,
"values": [ Color( 1, 1, 1, 1 ), Color( 1, 0, 0, 1 ), Color( 1, 1, 1, 1 ) ]
}

[sub_resource type="Animation" id=1]
resource_name = "topButtonClick"
length = 2.0
loop = true
tracks/0/type = "value"
tracks/0/path = NodePath("../topButton:modulate")
tracks/0/interp = 1
tracks/0/loop_wrap = true
tracks/0/imported = false
tracks/0/enabled = true
tracks/0/keys = {
"times": PoolRealArray( 0.1, 1, 2 ),
"transitions": PoolRealArray( 1, 1, 1 ),
"update": 0,
"values": [ Color( 1, 1, 1, 1 ), Color( 1, 0, 0, 1 ), Color( 1, 1, 1, 1 ) ]
}

[sub_resource type="Animation" id=9]
resource_name = "JoystickClick"
length = 2.0
loop = true
tracks/0/type = "value"
tracks/0/path = NodePath("../Joystick:modulate")
tracks/0/interp = 1
tracks/0/loop_wrap = true
tracks/0/imported = false
tracks/0/enabled = true
tracks/0/keys = {
"times": PoolRealArray( 0, 1, 2 ),
"transitions": PoolRealArray( 1, 1, 1 ),
"update": 0,
"values": [ Color( 1, 1, 1, 1 ), Color( 1, 0, 0, 1 ), Color( 1, 1, 1, 1 ) ]
}

[sub_resource type="Animation" id=10]
resource_name = "RotateTarget"
length = 5.0
loop = true
tracks/0/type = "value"
tracks/0/path = NodePath("TextureRect:rect_scale")
tracks/0/interp = 1
tracks/0/loop_wrap = true
tracks/0/imported = false
tracks/0/enabled = true
tracks/0/keys = {
"times": PoolRealArray( 0, 0.6, 1.2, 1.9, 2.5, 3.1, 3.8, 4.4, 5 ),
"transitions": PoolRealArray( 1, 1, 1, 1, 1, 1, 1, 1, 1 ),
"update": 0,
"values": [ Vector2( 1, 1 ), Vector2( 0.8, 0.8 ), Vector2( 1, 1 ), Vector2( 1.2, 1.2 ), Vector2( 1, 1 ), Vector2( 0.8, 0.8 ), Vector2( 1, 1 ), Vector2( 1.2, 1.2 ), Vector2( 1, 1 ) ]
}
tracks/1/type = "value"
tracks/1/path = NodePath("TextureRect:rect_rotation")
tracks/1/interp = 1
tracks/1/loop_wrap = true
tracks/1/imported = false
tracks/1/enabled = true
tracks/1/keys = {
"times": PoolRealArray( 0, 2.5, 5 ),
"transitions": PoolRealArray( 1, 1, 1 ),
"update": 0,
"values": [ 0.0, 180.0, 360.0 ]
}

[node name="TutorialGUI" type="Control"]
modulate = Color( 1, 1, 1, 0.501961 )
anchor_left = 0.5
anchor_top = 0.5
anchor_right = 0.5
anchor_bottom = 0.5
margin_left = -512.0
margin_top = -300.0
margin_right = 512.0
margin_bottom = 300.0
script = ExtResource( 3 )
__meta__ = {
"_edit_use_anchors_": false
}

[node name="GamePadTutorial" type="Control" parent="."]
anchor_right = 1.0
anchor_bottom = 1.0
__meta__ = {
"_edit_use_anchors_": false
}

[node name="ButtonsAnimation" type="AnimationPlayer" parent="GamePadTutorial"]
root_node = NodePath("../startButton")
anims/JoystickClick = SubResource( 8 )
anims/bottomButtonClick = SubResource( 3 )
anims/leftBumperClick = SubResource( 6 )
anims/leftButtonClick = SubResource( 2 )
anims/rightBumperClick = SubResource( 7 )
anims/rightButtonClick = SubResource( 4 )
anims/startButtonClick = SubResource( 5 )
anims/topButtonClick = SubResource( 1 )

[node name="JoystickAnimation" type="AnimationPlayer" parent="GamePadTutorial"]
root_node = NodePath("../startButton")
anims/JoystickClick = SubResource( 9 )

[node name="topButton" type="TextureRect" parent="GamePadTutorial"]
margin_left = 640.0
margin_top = 198.0
margin_right = 680.0
margin_bottom = 238.0
texture = ExtResource( 2 )
expand = true
__meta__ = {
"_edit_use_anchors_": false
}

[node name="leftButton" type="TextureRect" parent="GamePadTutorial"]
margin_left = 598.0
margin_top = 235.0
margin_right = 638.0
margin_bottom = 275.0
texture = ExtResource( 2 )
expand = true
__meta__ = {
"_edit_use_anchors_": false
}

[node name="bottomButton" type="TextureRect" parent="GamePadTutorial"]
margin_left = 640.0
margin_top = 271.0
margin_right = 680.0
margin_bottom = 311.0
texture = ExtResource( 2 )
expand = true
__meta__ = {
"_edit_use_anchors_": false
}

[node name="rightButton" type="TextureRect" parent="GamePadTutorial"]
margin_left = 682.0
margin_top = 236.0
margin_right = 722.0
margin_bottom = 276.0
texture = ExtResource( 2 )
expand = true
__meta__ = {
"_edit_use_anchors_": false
}

[node name="startButton" type="TextureRect" parent="GamePadTutorial"]
margin_left = 535.0
margin_top = 236.0
margin_right = 575.0
margin_bottom = 276.0
texture = ExtResource( 2 )
expand = true
__meta__ = {
"_edit_use_anchors_": false
}

[node name="leftTrigger" type="TextureRect" parent="GamePadTutorial"]
margin_left = 350.0
margin_top = 154.0
margin_right = 401.0
margin_bottom = 177.0
texture = ExtResource( 2 )
expand = true
__meta__ = {
"_edit_use_anchors_": false
}

[node name="rightTrigger" type="TextureRect" parent="GamePadTutorial"]
margin_left = 623.0
margin_top = 153.0
margin_right = 674.0
margin_bottom = 176.0
texture = ExtResource( 2 )
expand = true
__meta__ = {
"_edit_use_anchors_": false
}

[node name="Joystick" type="TextureRect" parent="GamePadTutorial"]
margin_left = 399.0
margin_top = 300.0
margin_right = 475.0
margin_bottom = 374.0
texture = ExtResource( 2 )
expand = true
__meta__ = {
"_edit_use_anchors_": false
}

[node name="GamePad" type="TextureRect" parent="GamePadTutorial"]
anchor_left = 0.5
anchor_top = 0.5
anchor_right = 0.5
anchor_bottom = 0.5
margin_left = -232.0
margin_top = -148.5
margin_right = 232.0
margin_bottom = 148.5
texture = ExtResource( 1 )
expand = true
__meta__ = {
"_edit_use_anchors_": false
}

[node name="TargetTurorial" type="Control" parent="."]
visible = false
anchor_right = 1.0
anchor_bottom = 1.0
__meta__ = {
"_edit_use_anchors_": false
}

[node name="TextureRect" type="TextureRect" parent="TargetTurorial"]
margin_left = -50.0
margin_top = -50.0
margin_right = 50.0
margin_bottom = 50.0
rect_pivot_offset = Vector2( 50, 50 )
texture = ExtResource( 4 )
expand = true
stretch_mode = 5
__meta__ = {
"_edit_use_anchors_": false
}

[node name="TargetAnimation" type="AnimationPlayer" parent="TargetTurorial/TextureRect"]
root_node = NodePath("../..")
anims/RotateTarget = SubResource( 10 )
